%YAML 1.1
%TAG !u! tag:unity3d.com,2011:
--- !u!1 &1521703060
GameObject:
  m_ObjectHideFlags: 0
  m_CorrespondingSourceObject: {fileID: 0}
  m_PrefabInstance: {fileID: 0}
  m_PrefabAsset: {fileID: 0}
  serializedVersion: 6
  m_Component:
  - component: {fileID: 1521703061}
  m_Layer: 0
  m_Name: RoadCrossingPlane
  m_TagString: Untagged
  m_Icon: {fileID: 0}
  m_NavMeshLayer: 0
  m_StaticEditorFlags: 0
  m_IsActive: 1
--- !u!4 &1521703061
Transform:
  m_ObjectHideFlags: 0
  m_CorrespondingSourceObject: {fileID: 0}
  m_PrefabInstance: {fileID: 0}
  m_PrefabAsset: {fileID: 0}
  m_GameObject: {fileID: 1521703060}
  m_LocalRotation: {x: 0, y: 1, z: 0, w: 0}
  m_LocalPosition: {x: -17.4, y: 0, z: -20.79}
  m_LocalScale: {x: 1, y: 1, z: 1}
  m_Children:
  - {fileID: 6219604109563794844}
  m_Father: {fileID: 675672696223446622}
  m_RootOrder: 4
  m_LocalEulerAnglesHint: {x: 0, y: 180, z: 0}
--- !u!1 &4672744291190910694
GameObject:
  m_ObjectHideFlags: 0
  m_CorrespondingSourceObject: {fileID: 0}
  m_PrefabInstance: {fileID: 0}
  m_PrefabAsset: {fileID: 0}
  serializedVersion: 6
  m_Component:
  - component: {fileID: 675672696223446622}
  - component: {fileID: 1225592272269334141}
  - component: {fileID: 1225592272269334140}
  m_Layer: 0
  m_Name: Level_5
  m_TagString: Untagged
  m_Icon: {fileID: 0}
  m_NavMeshLayer: 0
  m_StaticEditorFlags: 4294967295
  m_IsActive: 1
--- !u!4 &675672696223446622
Transform:
  m_ObjectHideFlags: 0
  m_CorrespondingSourceObject: {fileID: 0}
  m_PrefabInstance: {fileID: 0}
  m_PrefabAsset: {fileID: 0}
  m_GameObject: {fileID: 4672744291190910694}
  m_LocalRotation: {x: 0, y: 0, z: 0, w: 1}
  m_LocalPosition: {x: 0, y: 0, z: 0}
  m_LocalScale: {x: 1, y: 1, z: 1}
  m_Children:
  - {fileID: 1661907261582115188}
  - {fileID: 6188027711107861483}
  - {fileID: 1094277314883120428}
  - {fileID: 148697004700219182}
  - {fileID: 1521703061}
  - {fileID: 3751757045388618106}
  - {fileID: 3427572710321377347}
  m_Father: {fileID: 0}
  m_RootOrder: 0
  m_LocalEulerAnglesHint: {x: 0, y: 0, z: 0}
--- !u!95 &1225592272269334141
Animator:
  serializedVersion: 3
  m_ObjectHideFlags: 0
  m_CorrespondingSourceObject: {fileID: 0}
  m_PrefabInstance: {fileID: 0}
  m_PrefabAsset: {fileID: 0}
  m_GameObject: {fileID: 4672744291190910694}
  m_Enabled: 1
  m_Avatar: {fileID: 0}
  m_Controller: {fileID: 9100000, guid: 065778accd562442faa02d9dc38b53d6, type: 2}
  m_CullingMode: 0
  m_UpdateMode: 0
  m_ApplyRootMotion: 0
  m_LinearVelocityBlending: 0
  m_WarningMessage: 
  m_HasTransformHierarchy: 1
  m_AllowConstantClipSamplingOptimization: 1
  m_KeepAnimatorControllerStateOnDisable: 0
--- !u!114 &1225592272269334140
MonoBehaviour:
  m_ObjectHideFlags: 0
  m_CorrespondingSourceObject: {fileID: 0}
  m_PrefabInstance: {fileID: 0}
  m_PrefabAsset: {fileID: 0}
  m_GameObject: {fileID: 4672744291190910694}
  m_Enabled: 1
  m_EditorHideFlags: 0
  m_Script: {fileID: 11500000, guid: 0468fc02aa1fa48efab86d58e73361d2, type: 3}
  m_Name: 
  m_EditorClassIdentifier: 
  gameManager: {fileID: 0}
  APTools: {fileID: 0}
  gameplayData:
    gameScore: 0
    currentLevelNumber: 0
    gameStartTime: 0
    gameEndTime: 0
    totalLevelCompletedTime: 0
    isGameoverSuccess: 0
  gameState: 0
  cameraPoint: {fileID: 3751757045388618106}
  inputAcceptingDuration: 0.04407695
--- !u!1 &5025512877907128437
GameObject:
  m_ObjectHideFlags: 0
  m_CorrespondingSourceObject: {fileID: 0}
  m_PrefabInstance: {fileID: 0}
  m_PrefabAsset: {fileID: 0}
  serializedVersion: 6
  m_Component:
  - component: {fileID: 3751757045388618106}
  m_Layer: 0
  m_Name: CameraPoint
  m_TagString: Untagged
  m_Icon: {fileID: 0}
  m_NavMeshLayer: 0
  m_StaticEditorFlags: 0
  m_IsActive: 1
--- !u!4 &3751757045388618106
Transform:
  m_ObjectHideFlags: 0
  m_CorrespondingSourceObject: {fileID: 0}
  m_PrefabInstance: {fileID: 0}
  m_PrefabAsset: {fileID: 0}
  m_GameObject: {fileID: 5025512877907128437}
  m_LocalRotation: {x: -0.3097287, y: -0.21926366, z: 0.07363623, w: -0.92226315}
  m_LocalPosition: {x: -30.449556, y: 35.94265, z: -43.348633}
  m_LocalScale: {x: 1, y: 1, z: 1}
  m_Children: []
  m_Father: {fileID: 675672696223446622}
  m_RootOrder: 5
  m_LocalEulerAnglesHint: {x: 0, y: 0, z: 0}
--- !u!1 &5938826342577292723
GameObject:
  m_ObjectHideFlags: 0
  m_CorrespondingSourceObject: {fileID: 0}
  m_PrefabInstance: {fileID: 0}
  m_PrefabAsset: {fileID: 0}
  serializedVersion: 6
  m_Component:
  - component: {fileID: 5938826342577292722}
  - component: {fileID: 5938826342577292724}
  - component: {fileID: 5938826342577292725}
  m_Layer: 0
  m_Name: Vehicle_Plane_Propellor_Yellow_1_3 (1)
  m_TagString: Untagged
  m_Icon: {fileID: 0}
  m_NavMeshLayer: 0
  m_StaticEditorFlags: 4294967295
  m_IsActive: 1
--- !u!4 &5938826342577292722
Transform:
  m_ObjectHideFlags: 0
  m_CorrespondingSourceObject: {fileID: 0}
  m_PrefabInstance: {fileID: 0}
  m_PrefabAsset: {fileID: 0}
  m_GameObject: {fileID: 5938826342577292723}
  m_LocalRotation: {x: -0, y: 0.70710677, z: -0, w: 0.7071068}
  m_LocalPosition: {x: 18.9, y: 1.2346281, z: -48.71}
  m_LocalScale: {x: 1, y: 1, z: 1}
  m_Children: []
  m_Father: {fileID: 1661907261582115188}
  m_RootOrder: 117
  m_LocalEulerAnglesHint: {x: 0, y: 90.00001, z: 0}
--- !u!33 &5938826342577292724
MeshFilter:
  m_ObjectHideFlags: 0
  m_CorrespondingSourceObject: {fileID: 0}
  m_PrefabInstance: {fileID: 0}
  m_PrefabAsset: {fileID: 0}
  m_GameObject: {fileID: 5938826342577292723}
  m_Mesh: {fileID: -3941309398598796862, guid: cb17465c2c7681a41b8c31b22091c955, type: 3}
--- !u!23 &5938826342577292725
MeshRenderer:
  m_ObjectHideFlags: 0
  m_CorrespondingSourceObject: {fileID: 0}
  m_PrefabInstance: {fileID: 0}
  m_PrefabAsset: {fileID: 0}
  m_GameObject: {fileID: 5938826342577292723}
  m_Enabled: 1
  m_CastShadows: 1
  m_ReceiveShadows: 1
  m_DynamicOccludee: 1
  m_StaticShadowCaster: 0
  m_MotionVectors: 1
  m_LightProbeUsage: 1
  m_ReflectionProbeUsage: 1
  m_RayTracingMode: 2
  m_RayTraceProcedural: 0
  m_RenderingLayerMask: 1
  m_RendererPriority: 0
  m_Materials:
  - {fileID: 2100000, guid: da1406749168f44428a2162fa8005d7e, type: 2}
  m_StaticBatchInfo:
    firstSubMesh: 0
    subMeshCount: 0
  m_StaticBatchRoot: {fileID: 0}
  m_ProbeAnchor: {fileID: 0}
  m_LightProbeVolumeOverride: {fileID: 0}
  m_ScaleInLightmap: 1
  m_ReceiveGI: 1
  m_PreserveUVs: 0
  m_IgnoreNormalsForChartDetection: 0
  m_ImportantGI: 0
  m_StitchLightmapSeams: 1
  m_SelectedEditorRenderState: 3
  m_MinimumChartSize: 4
  m_AutoUVMaxDistance: 0.5
  m_AutoUVMaxAngle: 89
  m_LightmapParameters: {fileID: 0}
  m_SortingLayerID: 0
  m_SortingLayer: 0
  m_SortingOrder: 0
  m_AdditionalVertexStreams: {fileID: 0}
--- !u!65 &2095841445443621858
BoxCollider:
  m_ObjectHideFlags: 0
  m_CorrespondingSourceObject: {fileID: 0}
  m_PrefabInstance: {fileID: 0}
  m_PrefabAsset: {fileID: 0}
  m_GameObject: {fileID: 6821716237763727697}
  m_Material: {fileID: 0}
  m_IsTrigger: 0
  m_Enabled: 1
  serializedVersion: 2
  m_Size: {x: 1.4587109, y: 2.880217, z: 5.726593}
  m_Center: {x: -0.0051021576, y: 1.715657, z: -0.0018119812}
--- !u!114 &3628440820035166567
MonoBehaviour:
  m_ObjectHideFlags: 0
  m_CorrespondingSourceObject: {fileID: 0}
  m_PrefabInstance: {fileID: 0}
  m_PrefabAsset: {fileID: 0}
  m_GameObject: {fileID: 6821716237763727697}
  m_Enabled: 1
  m_EditorHideFlags: 0
  m_Script: {fileID: 11500000, guid: cb1acc0021c84435eb57f989a5b5026d, type: 3}
  m_Name: 
  m_EditorClassIdentifier: 
  gameManager: {fileID: 0}
  APTools: {fileID: 0}
  gameplayData:
    gameScore: 0
    currentLevelNumber: 0
    gameStartTime: 0
    gameEndTime: 0
    totalLevelCompletedTime: 0
    isGameoverSuccess: 0
  gameState: 0
  trashingPoint: {fileID: 1094277314883120428}
  ground: {fileID: 0}
--- !u!1001 &403914797070897349
PrefabInstance:
  m_ObjectHideFlags: 0
  serializedVersion: 2
  m_Modification:
    m_TransformParent: {fileID: 675672696223446622}
    m_Modifications:
    - target: {fileID: -8679921383154817045, guid: e5d2eef3b1d44440f87bc2cb87a1082d,
        type: 3}
      propertyPath: m_RootOrder
      value: 3
      objectReference: {fileID: 0}
    - target: {fileID: -8679921383154817045, guid: e5d2eef3b1d44440f87bc2cb87a1082d,
        type: 3}
      propertyPath: m_LocalPosition.x
      value: 0
      objectReference: {fileID: 0}
    - target: {fileID: -8679921383154817045, guid: e5d2eef3b1d44440f87bc2cb87a1082d,
        type: 3}
      propertyPath: m_LocalPosition.y
      value: 0
      objectReference: {fileID: 0}
    - target: {fileID: -8679921383154817045, guid: e5d2eef3b1d44440f87bc2cb87a1082d,
        type: 3}
      propertyPath: m_LocalPosition.z
      value: 51.8
      objectReference: {fileID: 0}
    - target: {fileID: -8679921383154817045, guid: e5d2eef3b1d44440f87bc2cb87a1082d,
        type: 3}
      propertyPath: m_LocalRotation.w
      value: 1
      objectReference: {fileID: 0}
    - target: {fileID: -8679921383154817045, guid: e5d2eef3b1d44440f87bc2cb87a1082d,
        type: 3}
      propertyPath: m_LocalRotation.x
      value: -0
      objectReference: {fileID: 0}
    - target: {fileID: -8679921383154817045, guid: e5d2eef3b1d44440f87bc2cb87a1082d,
        type: 3}
      propertyPath: m_LocalRotation.y
      value: -0
      objectReference: {fileID: 0}
    - target: {fileID: -8679921383154817045, guid: e5d2eef3b1d44440f87bc2cb87a1082d,
        type: 3}
      propertyPath: m_LocalRotation.z
      value: -0
      objectReference: {fileID: 0}
    - target: {fileID: -8679921383154817045, guid: e5d2eef3b1d44440f87bc2cb87a1082d,
        type: 3}
      propertyPath: m_LocalEulerAnglesHint.x
      value: 0
      objectReference: {fileID: 0}
    - target: {fileID: -8679921383154817045, guid: e5d2eef3b1d44440f87bc2cb87a1082d,
        type: 3}
      propertyPath: m_LocalEulerAnglesHint.y
      value: 0
      objectReference: {fileID: 0}
    - target: {fileID: -8679921383154817045, guid: e5d2eef3b1d44440f87bc2cb87a1082d,
        type: 3}
      propertyPath: m_LocalEulerAnglesHint.z
      value: 0
      objectReference: {fileID: 0}
    - target: {fileID: -2751778409071685643, guid: e5d2eef3b1d44440f87bc2cb87a1082d,
        type: 3}
      propertyPath: m_LocalPosition.x
      value: 0.6884072
      objectReference: {fileID: 0}
    - target: {fileID: -2751778409071685643, guid: e5d2eef3b1d44440f87bc2cb87a1082d,
        type: 3}
      propertyPath: m_LocalPosition.y
      value: 2.0544574
      objectReference: {fileID: 0}
    - target: {fileID: -2751778409071685643, guid: e5d2eef3b1d44440f87bc2cb87a1082d,
        type: 3}
      propertyPath: m_LocalPosition.z
      value: -5.136499
      objectReference: {fileID: 0}
    - target: {fileID: -2751778409071685643, guid: e5d2eef3b1d44440f87bc2cb87a1082d,
        type: 3}
      propertyPath: m_LocalRotation.w
      value: 1
      objectReference: {fileID: 0}
    - target: {fileID: -2751778409071685643, guid: e5d2eef3b1d44440f87bc2cb87a1082d,
        type: 3}
      propertyPath: m_LocalRotation.x
      value: 0
      objectReference: {fileID: 0}
    - target: {fileID: -2751778409071685643, guid: e5d2eef3b1d44440f87bc2cb87a1082d,
        type: 3}
      propertyPath: m_LocalRotation.y
      value: -0
      objectReference: {fileID: 0}
    - target: {fileID: -2751778409071685643, guid: e5d2eef3b1d44440f87bc2cb87a1082d,
        type: 3}
      propertyPath: m_LocalRotation.z
      value: -0
      objectReference: {fileID: 0}
    - target: {fileID: -2751778409071685643, guid: e5d2eef3b1d44440f87bc2cb87a1082d,
        type: 3}
      propertyPath: m_LocalEulerAnglesHint.y
      value: 0
      objectReference: {fileID: 0}
    - target: {fileID: -516366715741706339, guid: e5d2eef3b1d44440f87bc2cb87a1082d,
        type: 3}
      propertyPath: m_LocalPosition.x
      value: 0.0159451
      objectReference: {fileID: 0}
    - target: {fileID: 919132149155446097, guid: e5d2eef3b1d44440f87bc2cb87a1082d,
        type: 3}
      propertyPath: m_Name
      value: Plane
      objectReference: {fileID: 0}
    m_RemovedComponents: []
  m_SourcePrefab: {fileID: 100100000, guid: e5d2eef3b1d44440f87bc2cb87a1082d, type: 3}
--- !u!4 &148697004700219182 stripped
Transform:
  m_CorrespondingSourceObject: {fileID: -8679921383154817045, guid: e5d2eef3b1d44440f87bc2cb87a1082d,
    type: 3}
  m_PrefabInstance: {fileID: 403914797070897349}
  m_PrefabAsset: {fileID: 0}
--- !u!4 &6653301282320555824 stripped
Transform:
  m_CorrespondingSourceObject: {fileID: -2751778409071685643, guid: e5d2eef3b1d44440f87bc2cb87a1082d,
    type: 3}
  m_PrefabInstance: {fileID: 403914797070897349}
  m_PrefabAsset: {fileID: 0}
--- !u!1001 &622937207356590791
PrefabInstance:
  m_ObjectHideFlags: 0
  serializedVersion: 2
  m_Modification:
    m_TransformParent: {fileID: 675672696223446622}
    m_Modifications:
    - target: {fileID: -8679921383154817045, guid: 40331851f5d034bf1a27f6639ca0e484,
        type: 3}
      propertyPath: m_RootOrder
      value: 2
      objectReference: {fileID: 0}
    - target: {fileID: -8679921383154817045, guid: 40331851f5d034bf1a27f6639ca0e484,
        type: 3}
      propertyPath: m_LocalPosition.x
      value: -10
      objectReference: {fileID: 0}
    - target: {fileID: -8679921383154817045, guid: 40331851f5d034bf1a27f6639ca0e484,
        type: 3}
      propertyPath: m_LocalPosition.y
      value: 0
      objectReference: {fileID: 0}
    - target: {fileID: -8679921383154817045, guid: 40331851f5d034bf1a27f6639ca0e484,
        type: 3}
      propertyPath: m_LocalPosition.z
      value: 0
      objectReference: {fileID: 0}
    - target: {fileID: -8679921383154817045, guid: 40331851f5d034bf1a27f6639ca0e484,
        type: 3}
      propertyPath: m_LocalRotation.w
      value: 1
      objectReference: {fileID: 0}
    - target: {fileID: -8679921383154817045, guid: 40331851f5d034bf1a27f6639ca0e484,
        type: 3}
      propertyPath: m_LocalRotation.x
      value: -0
      objectReference: {fileID: 0}
    - target: {fileID: -8679921383154817045, guid: 40331851f5d034bf1a27f6639ca0e484,
        type: 3}
      propertyPath: m_LocalRotation.y
      value: -0
      objectReference: {fileID: 0}
    - target: {fileID: -8679921383154817045, guid: 40331851f5d034bf1a27f6639ca0e484,
        type: 3}
      propertyPath: m_LocalRotation.z
      value: -0
      objectReference: {fileID: 0}
    - target: {fileID: -8679921383154817045, guid: 40331851f5d034bf1a27f6639ca0e484,
        type: 3}
      propertyPath: m_LocalEulerAnglesHint.x
      value: 0
      objectReference: {fileID: 0}
    - target: {fileID: -8679921383154817045, guid: 40331851f5d034bf1a27f6639ca0e484,
        type: 3}
      propertyPath: m_LocalEulerAnglesHint.y
      value: 0
      objectReference: {fileID: 0}
    - target: {fileID: -8679921383154817045, guid: 40331851f5d034bf1a27f6639ca0e484,
        type: 3}
      propertyPath: m_LocalEulerAnglesHint.z
      value: 0
      objectReference: {fileID: 0}
    - target: {fileID: 596914621814031183, guid: 40331851f5d034bf1a27f6639ca0e484,
        type: 3}
      propertyPath: m_LocalPosition.x
      value: 0
      objectReference: {fileID: 0}
    - target: {fileID: 596914621814031183, guid: 40331851f5d034bf1a27f6639ca0e484,
        type: 3}
      propertyPath: m_LocalPosition.z
      value: 0
      objectReference: {fileID: 0}
    - target: {fileID: 919132149155446097, guid: 40331851f5d034bf1a27f6639ca0e484,
        type: 3}
      propertyPath: m_Name
      value: BarrierTrashingPoint
      objectReference: {fileID: 0}
    m_RemovedComponents: []
  m_SourcePrefab: {fileID: 100100000, guid: 40331851f5d034bf1a27f6639ca0e484, type: 3}
--- !u!4 &1094277314883120428 stripped
Transform:
  m_CorrespondingSourceObject: {fileID: -8679921383154817045, guid: 40331851f5d034bf1a27f6639ca0e484,
    type: 3}
  m_PrefabInstance: {fileID: 622937207356590791}
  m_PrefabAsset: {fileID: 0}
--- !u!1001 &2890068809760782248
PrefabInstance:
  m_ObjectHideFlags: 0
  serializedVersion: 2
  m_Modification:
    m_TransformParent: {fileID: 675672696223446622}
    m_Modifications:
    - target: {fileID: -8679921383154817045, guid: 0f1b40a17f23044bfb0713437463afd8,
        type: 3}
      propertyPath: m_RootOrder
      value: 6
      objectReference: {fileID: 0}
    - target: {fileID: -8679921383154817045, guid: 0f1b40a17f23044bfb0713437463afd8,
        type: 3}
      propertyPath: m_LocalPosition.x
      value: -0
      objectReference: {fileID: 0}
    - target: {fileID: -8679921383154817045, guid: 0f1b40a17f23044bfb0713437463afd8,
        type: 3}
      propertyPath: m_LocalPosition.y
      value: 0
      objectReference: {fileID: 0}
    - target: {fileID: -8679921383154817045, guid: 0f1b40a17f23044bfb0713437463afd8,
        type: 3}
      propertyPath: m_LocalPosition.z
      value: 0
      objectReference: {fileID: 0}
    - target: {fileID: -8679921383154817045, guid: 0f1b40a17f23044bfb0713437463afd8,
        type: 3}
      propertyPath: m_LocalRotation.w
      value: 0
      objectReference: {fileID: 0}
    - target: {fileID: -8679921383154817045, guid: 0f1b40a17f23044bfb0713437463afd8,
        type: 3}
      propertyPath: m_LocalRotation.x
      value: 0
      objectReference: {fileID: 0}
    - target: {fileID: -8679921383154817045, guid: 0f1b40a17f23044bfb0713437463afd8,
        type: 3}
      propertyPath: m_LocalRotation.y
      value: 1
      objectReference: {fileID: 0}
    - target: {fileID: -8679921383154817045, guid: 0f1b40a17f23044bfb0713437463afd8,
        type: 3}
      propertyPath: m_LocalRotation.z
      value: 0
      objectReference: {fileID: 0}
    - target: {fileID: -8679921383154817045, guid: 0f1b40a17f23044bfb0713437463afd8,
        type: 3}
      propertyPath: m_LocalEulerAnglesHint.x
      value: 0
      objectReference: {fileID: 0}
    - target: {fileID: -8679921383154817045, guid: 0f1b40a17f23044bfb0713437463afd8,
        type: 3}
      propertyPath: m_LocalEulerAnglesHint.y
      value: 180
      objectReference: {fileID: 0}
    - target: {fileID: -8679921383154817045, guid: 0f1b40a17f23044bfb0713437463afd8,
        type: 3}
      propertyPath: m_LocalEulerAnglesHint.z
      value: 0
      objectReference: {fileID: 0}
    - target: {fileID: -7029948723529949830, guid: 0f1b40a17f23044bfb0713437463afd8,
        type: 3}
      propertyPath: m_IsActive
      value: 0
      objectReference: {fileID: 0}
    - target: {fileID: 919132149155446097, guid: 0f1b40a17f23044bfb0713437463afd8,
        type: 3}
      propertyPath: m_Name
      value: Airport (1)
      objectReference: {fileID: 0}
    - target: {fileID: 919132149155446097, guid: 0f1b40a17f23044bfb0713437463afd8,
        type: 3}
      propertyPath: m_IsActive
      value: 1
      objectReference: {fileID: 0}
    m_RemovedComponents: []
  m_SourcePrefab: {fileID: 100100000, guid: 0f1b40a17f23044bfb0713437463afd8, type: 3}
--- !u!4 &3427572710321377347 stripped
Transform:
  m_CorrespondingSourceObject: {fileID: -8679921383154817045, guid: 0f1b40a17f23044bfb0713437463afd8,
    type: 3}
  m_PrefabInstance: {fileID: 2890068809760782248}
  m_PrefabAsset: {fileID: 0}
--- !u!1001 &5898239423421200205
PrefabInstance:
  m_ObjectHideFlags: 0
  serializedVersion: 2
  m_Modification:
    m_TransformParent: {fileID: 6653301282320555824}
    m_Modifications:
    - target: {fileID: 829614587194481160, guid: b3c1d4b6103d94bc7a844549f6fc3997,
        type: 3}
      propertyPath: m_BoundingSphereOverride.y
      value: 2.3510022e-38
      objectReference: {fileID: 0}
    - target: {fileID: 3372896827639153631, guid: b3c1d4b6103d94bc7a844549f6fc3997,
        type: 3}
      propertyPath: m_BoundingSphereOverride.y
      value: NaN
      objectReference: {fileID: 0}
    - target: {fileID: 3524484579162258933, guid: b3c1d4b6103d94bc7a844549f6fc3997,
        type: 3}
      propertyPath: m_BoundingSphereOverride.y
      value: 2.3510647e-38
      objectReference: {fileID: 0}
    - target: {fileID: 4728139308134532146, guid: b3c1d4b6103d94bc7a844549f6fc3997,
        type: 3}
      propertyPath: m_Name
      value: FireCubeParticle
      objectReference: {fileID: 0}
    - target: {fileID: 4728139308134532146, guid: b3c1d4b6103d94bc7a844549f6fc3997,
        type: 3}
      propertyPath: m_IsActive
      value: 0
      objectReference: {fileID: 0}
    - target: {fileID: 4728139308134532147, guid: b3c1d4b6103d94bc7a844549f6fc3997,
        type: 3}
      propertyPath: m_RootOrder
      value: 0
      objectReference: {fileID: 0}
    - target: {fileID: 4728139308134532147, guid: b3c1d4b6103d94bc7a844549f6fc3997,
        type: 3}
      propertyPath: m_LocalPosition.x
      value: 0
      objectReference: {fileID: 0}
    - target: {fileID: 4728139308134532147, guid: b3c1d4b6103d94bc7a844549f6fc3997,
        type: 3}
      propertyPath: m_LocalPosition.y
      value: 0
      objectReference: {fileID: 0}
    - target: {fileID: 4728139308134532147, guid: b3c1d4b6103d94bc7a844549f6fc3997,
        type: 3}
      propertyPath: m_LocalPosition.z
      value: 0
      objectReference: {fileID: 0}
    - target: {fileID: 4728139308134532147, guid: b3c1d4b6103d94bc7a844549f6fc3997,
        type: 3}
      propertyPath: m_LocalRotation.w
      value: 1
      objectReference: {fileID: 0}
    - target: {fileID: 4728139308134532147, guid: b3c1d4b6103d94bc7a844549f6fc3997,
        type: 3}
      propertyPath: m_LocalRotation.x
      value: 0
      objectReference: {fileID: 0}
    - target: {fileID: 4728139308134532147, guid: b3c1d4b6103d94bc7a844549f6fc3997,
        type: 3}
      propertyPath: m_LocalRotation.y
      value: 0
      objectReference: {fileID: 0}
    - target: {fileID: 4728139308134532147, guid: b3c1d4b6103d94bc7a844549f6fc3997,
        type: 3}
      propertyPath: m_LocalRotation.z
      value: 0
      objectReference: {fileID: 0}
    - target: {fileID: 4728139308134532147, guid: b3c1d4b6103d94bc7a844549f6fc3997,
        type: 3}
      propertyPath: m_LocalEulerAnglesHint.x
      value: 0
      objectReference: {fileID: 0}
    - target: {fileID: 4728139308134532147, guid: b3c1d4b6103d94bc7a844549f6fc3997,
        type: 3}
      propertyPath: m_LocalEulerAnglesHint.y
      value: 0
      objectReference: {fileID: 0}
    - target: {fileID: 4728139308134532147, guid: b3c1d4b6103d94bc7a844549f6fc3997,
        type: 3}
      propertyPath: m_LocalEulerAnglesHint.z
      value: 0
      objectReference: {fileID: 0}
    - target: {fileID: 6142562470661574015, guid: b3c1d4b6103d94bc7a844549f6fc3997,
        type: 3}
      propertyPath: m_BoundingSphereOverride.y
      value: 2.3510647e-38
      objectReference: {fileID: 0}
    - target: {fileID: 8153130319155450158, guid: b3c1d4b6103d94bc7a844549f6fc3997,
        type: 3}
      propertyPath: m_BoundingSphereOverride.y
      value: 2.3510647e-38
      objectReference: {fileID: 0}
    m_RemovedComponents: []
  m_SourcePrefab: {fileID: 100100000, guid: b3c1d4b6103d94bc7a844549f6fc3997, type: 3}
--- !u!1001 &5898239423478329975
PrefabInstance:
  m_ObjectHideFlags: 0
  serializedVersion: 2
  m_Modification:
    m_TransformParent: {fileID: 1521703061}
    m_Modifications:
    - target: {fileID: -8679921383154817045, guid: e5d2eef3b1d44440f87bc2cb87a1082d,
        type: 3}
      propertyPath: m_RootOrder
      value: 0
      objectReference: {fileID: 0}
    - target: {fileID: -8679921383154817045, guid: e5d2eef3b1d44440f87bc2cb87a1082d,
        type: 3}
      propertyPath: m_LocalScale.x
      value: 0.63920003
      objectReference: {fileID: 0}
    - target: {fileID: -8679921383154817045, guid: e5d2eef3b1d44440f87bc2cb87a1082d,
        type: 3}
      propertyPath: m_LocalScale.y
      value: 0.63920003
      objectReference: {fileID: 0}
    - target: {fileID: -8679921383154817045, guid: e5d2eef3b1d44440f87bc2cb87a1082d,
        type: 3}
      propertyPath: m_LocalScale.z
      value: 0.63920003
      objectReference: {fileID: 0}
    - target: {fileID: -8679921383154817045, guid: e5d2eef3b1d44440f87bc2cb87a1082d,
        type: 3}
      propertyPath: m_LocalPosition.x
      value: 0
      objectReference: {fileID: 0}
    - target: {fileID: -8679921383154817045, guid: e5d2eef3b1d44440f87bc2cb87a1082d,
        type: 3}
      propertyPath: m_LocalPosition.y
      value: 0
      objectReference: {fileID: 0}
    - target: {fileID: -8679921383154817045, guid: e5d2eef3b1d44440f87bc2cb87a1082d,
        type: 3}
      propertyPath: m_LocalPosition.z
      value: 0
      objectReference: {fileID: 0}
    - target: {fileID: -8679921383154817045, guid: e5d2eef3b1d44440f87bc2cb87a1082d,
        type: 3}
      propertyPath: m_LocalRotation.w
      value: 1
      objectReference: {fileID: 0}
    - target: {fileID: -8679921383154817045, guid: e5d2eef3b1d44440f87bc2cb87a1082d,
        type: 3}
      propertyPath: m_LocalRotation.x
      value: -0
      objectReference: {fileID: 0}
    - target: {fileID: -8679921383154817045, guid: e5d2eef3b1d44440f87bc2cb87a1082d,
        type: 3}
      propertyPath: m_LocalRotation.y
      value: -0
      objectReference: {fileID: 0}
    - target: {fileID: -8679921383154817045, guid: e5d2eef3b1d44440f87bc2cb87a1082d,
        type: 3}
      propertyPath: m_LocalRotation.z
      value: -0
      objectReference: {fileID: 0}
    - target: {fileID: -8679921383154817045, guid: e5d2eef3b1d44440f87bc2cb87a1082d,
        type: 3}
      propertyPath: m_LocalEulerAnglesHint.x
      value: 0
      objectReference: {fileID: 0}
    - target: {fileID: -8679921383154817045, guid: e5d2eef3b1d44440f87bc2cb87a1082d,
        type: 3}
      propertyPath: m_LocalEulerAnglesHint.y
      value: 0
      objectReference: {fileID: 0}
    - target: {fileID: -8679921383154817045, guid: e5d2eef3b1d44440f87bc2cb87a1082d,
        type: 3}
      propertyPath: m_LocalEulerAnglesHint.z
      value: 0
      objectReference: {fileID: 0}
    - target: {fileID: 919132149155446097, guid: e5d2eef3b1d44440f87bc2cb87a1082d,
        type: 3}
      propertyPath: m_Name
      value: Plane (1)
      objectReference: {fileID: 0}
    m_RemovedComponents: []
  m_SourcePrefab: {fileID: 100100000, guid: e5d2eef3b1d44440f87bc2cb87a1082d, type: 3}
--- !u!4 &6219604109563794844 stripped
Transform:
  m_CorrespondingSourceObject: {fileID: -8679921383154817045, guid: e5d2eef3b1d44440f87bc2cb87a1082d,
    type: 3}
  m_PrefabInstance: {fileID: 5898239423478329975}
  m_PrefabAsset: {fileID: 0}
--- !u!1001 &5938826341207436288
PrefabInstance:
  m_ObjectHideFlags: 0
  serializedVersion: 2
  m_Modification:
    m_TransformParent: {fileID: 675672696223446622}
    m_Modifications:
    - target: {fileID: -8679921383154817045, guid: 40331851f5d034bf1a27f6639ca0e484,
        type: 3}
      propertyPath: m_RootOrder
      value: 1
      objectReference: {fileID: 0}
    - target: {fileID: -8679921383154817045, guid: 40331851f5d034bf1a27f6639ca0e484,
        type: 3}
      propertyPath: m_LocalPosition.x
      value: -10
      objectReference: {fileID: 0}
    - target: {fileID: -8679921383154817045, guid: 40331851f5d034bf1a27f6639ca0e484,
        type: 3}
      propertyPath: m_LocalPosition.y
      value: 0
      objectReference: {fileID: 0}
    - target: {fileID: -8679921383154817045, guid: 40331851f5d034bf1a27f6639ca0e484,
        type: 3}
      propertyPath: m_LocalPosition.z
      value: 15
      objectReference: {fileID: 0}
    - target: {fileID: -8679921383154817045, guid: 40331851f5d034bf1a27f6639ca0e484,
        type: 3}
      propertyPath: m_LocalRotation.w
      value: 1
      objectReference: {fileID: 0}
    - target: {fileID: -8679921383154817045, guid: 40331851f5d034bf1a27f6639ca0e484,
        type: 3}
      propertyPath: m_LocalRotation.x
      value: -0
      objectReference: {fileID: 0}
    - target: {fileID: -8679921383154817045, guid: 40331851f5d034bf1a27f6639ca0e484,
        type: 3}
      propertyPath: m_LocalRotation.y
      value: -0
      objectReference: {fileID: 0}
    - target: {fileID: -8679921383154817045, guid: 40331851f5d034bf1a27f6639ca0e484,
        type: 3}
      propertyPath: m_LocalRotation.z
      value: -0
      objectReference: {fileID: 0}
    - target: {fileID: -8679921383154817045, guid: 40331851f5d034bf1a27f6639ca0e484,
        type: 3}
      propertyPath: m_LocalEulerAnglesHint.x
      value: 0
      objectReference: {fileID: 0}
    - target: {fileID: -8679921383154817045, guid: 40331851f5d034bf1a27f6639ca0e484,
        type: 3}
      propertyPath: m_LocalEulerAnglesHint.y
      value: 0
      objectReference: {fileID: 0}
    - target: {fileID: -8679921383154817045, guid: 40331851f5d034bf1a27f6639ca0e484,
        type: 3}
      propertyPath: m_LocalEulerAnglesHint.z
      value: 0
      objectReference: {fileID: 0}
    - target: {fileID: 596914621814031183, guid: 40331851f5d034bf1a27f6639ca0e484,
        type: 3}
      propertyPath: m_LocalPosition.x
      value: 0
      objectReference: {fileID: 0}
    - target: {fileID: 596914621814031183, guid: 40331851f5d034bf1a27f6639ca0e484,
        type: 3}
      propertyPath: m_LocalPosition.z
      value: 0
      objectReference: {fileID: 0}
    - target: {fileID: 919132149155446097, guid: 40331851f5d034bf1a27f6639ca0e484,
        type: 3}
      propertyPath: m_Name
      value: Barrier
      objectReference: {fileID: 0}
    m_RemovedComponents: []
  m_SourcePrefab: {fileID: 100100000, guid: 40331851f5d034bf1a27f6639ca0e484, type: 3}
--- !u!1 &6821716237763727697 stripped
GameObject:
  m_CorrespondingSourceObject: {fileID: 919132149155446097, guid: 40331851f5d034bf1a27f6639ca0e484,
    type: 3}
  m_PrefabInstance: {fileID: 5938826341207436288}
  m_PrefabAsset: {fileID: 0}
--- !u!4 &6188027711107861483 stripped
Transform:
  m_CorrespondingSourceObject: {fileID: -8679921383154817045, guid: 40331851f5d034bf1a27f6639ca0e484,
    type: 3}
  m_PrefabInstance: {fileID: 5938826341207436288}
  m_PrefabAsset: {fileID: 0}
--- !u!1001 &5938826342671264366
PrefabInstance:
  m_ObjectHideFlags: 0
  serializedVersion: 2
  m_Modification:
    m_TransformParent: {fileID: 675672696223446622}
    m_Modifications:
    - target: {fileID: -9180787577599537682, guid: cb17465c2c7681a41b8c31b22091c955,
        type: 3}
      propertyPath: m_StaticEditorFlags
      value: 4294967295
      objectReference: {fileID: 0}
    - target: {fileID: -9092461157070606217, guid: cb17465c2c7681a41b8c31b22091c955,
        type: 3}
      propertyPath: m_StaticEditorFlags
      value: 4294967295
      objectReference: {fileID: 0}
    - target: {fileID: -8454496082511762077, guid: cb17465c2c7681a41b8c31b22091c955,
        type: 3}
      propertyPath: m_StaticEditorFlags
      value: 4294967295
      objectReference: {fileID: 0}
    - target: {fileID: -8259532413976189786, guid: cb17465c2c7681a41b8c31b22091c955,
        type: 3}
      propertyPath: m_StaticEditorFlags
      value: 4294967295
      objectReference: {fileID: 0}
    - target: {fileID: -8151726670160215964, guid: cb17465c2c7681a41b8c31b22091c955,
        type: 3}
      propertyPath: m_StaticEditorFlags
      value: 4294967295
      objectReference: {fileID: 0}
    - target: {fileID: -8073533934239284379, guid: cb17465c2c7681a41b8c31b22091c955,
        type: 3}
      propertyPath: m_StaticEditorFlags
      value: 4294967295
      objectReference: {fileID: 0}
    - target: {fileID: -8052994932809076077, guid: cb17465c2c7681a41b8c31b22091c955,
        type: 3}
      propertyPath: m_StaticEditorFlags
      value: 4294967295
      objectReference: {fileID: 0}
    - target: {fileID: -7962160297741164342, guid: cb17465c2c7681a41b8c31b22091c955,
        type: 3}
      propertyPath: m_StaticEditorFlags
      value: 4294967295
      objectReference: {fileID: 0}
    - target: {fileID: -7954857496392194577, guid: cb17465c2c7681a41b8c31b22091c955,
        type: 3}
      propertyPath: m_IsActive
      value: 0
      objectReference: {fileID: 0}
    - target: {fileID: -7954857496392194577, guid: cb17465c2c7681a41b8c31b22091c955,
        type: 3}
      propertyPath: m_StaticEditorFlags
      value: 4294967295
      objectReference: {fileID: 0}
    - target: {fileID: -7914925531577495037, guid: cb17465c2c7681a41b8c31b22091c955,
        type: 3}
      propertyPath: m_IsActive
      value: 0
      objectReference: {fileID: 0}
    - target: {fileID: -7914925531577495037, guid: cb17465c2c7681a41b8c31b22091c955,
        type: 3}
      propertyPath: m_StaticEditorFlags
      value: 4294967295
      objectReference: {fileID: 0}
    - target: {fileID: -7862266657549267658, guid: cb17465c2c7681a41b8c31b22091c955,
        type: 3}
      propertyPath: m_StaticEditorFlags
      value: 4294967295
      objectReference: {fileID: 0}
    - target: {fileID: -7179216485844274840, guid: cb17465c2c7681a41b8c31b22091c955,
        type: 3}
      propertyPath: m_StaticEditorFlags
      value: 4294967295
      objectReference: {fileID: 0}
    - target: {fileID: -7140026241266513743, guid: cb17465c2c7681a41b8c31b22091c955,
        type: 3}
      propertyPath: m_StaticEditorFlags
      value: 4294967295
      objectReference: {fileID: 0}
    - target: {fileID: -6999877095437018888, guid: cb17465c2c7681a41b8c31b22091c955,
        type: 3}
      propertyPath: m_StaticEditorFlags
      value: 4294967295
      objectReference: {fileID: 0}
    - target: {fileID: -6964920024347651002, guid: cb17465c2c7681a41b8c31b22091c955,
        type: 3}
      propertyPath: m_StaticEditorFlags
      value: 4294967295
      objectReference: {fileID: 0}
    - target: {fileID: -6762217894486354164, guid: cb17465c2c7681a41b8c31b22091c955,
        type: 3}
      propertyPath: m_StaticEditorFlags
      value: 4294967295
      objectReference: {fileID: 0}
    - target: {fileID: -6754410596033013180, guid: cb17465c2c7681a41b8c31b22091c955,
        type: 3}
      propertyPath: m_StaticEditorFlags
      value: 4294967295
      objectReference: {fileID: 0}
    - target: {fileID: -6642348533452876508, guid: cb17465c2c7681a41b8c31b22091c955,
        type: 3}
      propertyPath: m_StaticEditorFlags
      value: 4294967295
      objectReference: {fileID: 0}
    - target: {fileID: -6122869056419354195, guid: cb17465c2c7681a41b8c31b22091c955,
        type: 3}
      propertyPath: m_StaticEditorFlags
      value: 4294967295
      objectReference: {fileID: 0}
    - target: {fileID: -6114317830317974637, guid: cb17465c2c7681a41b8c31b22091c955,
        type: 3}
      propertyPath: m_StaticEditorFlags
      value: 4294967295
      objectReference: {fileID: 0}
    - target: {fileID: -6017388817803303291, guid: cb17465c2c7681a41b8c31b22091c955,
        type: 3}
      propertyPath: m_StaticEditorFlags
      value: 4294967295
      objectReference: {fileID: 0}
    - target: {fileID: -5961330208246735356, guid: cb17465c2c7681a41b8c31b22091c955,
        type: 3}
      propertyPath: m_LocalPosition.x
      value: 19.8
      objectReference: {fileID: 0}
    - target: {fileID: -5961330208246735356, guid: cb17465c2c7681a41b8c31b22091c955,
        type: 3}
      propertyPath: m_LocalPosition.z
      value: 7.2
      objectReference: {fileID: 0}
    - target: {fileID: -5961330208246735356, guid: cb17465c2c7681a41b8c31b22091c955,
        type: 3}
      propertyPath: m_LocalRotation.w
      value: 0.000000104308114
      objectReference: {fileID: 0}
    - target: {fileID: -5961330208246735356, guid: cb17465c2c7681a41b8c31b22091c955,
        type: 3}
      propertyPath: m_LocalRotation.x
      value: -0
      objectReference: {fileID: 0}
    - target: {fileID: -5961330208246735356, guid: cb17465c2c7681a41b8c31b22091c955,
        type: 3}
      propertyPath: m_LocalRotation.y
      value: -1
      objectReference: {fileID: 0}
    - target: {fileID: -5961330208246735356, guid: cb17465c2c7681a41b8c31b22091c955,
        type: 3}
      propertyPath: m_LocalEulerAnglesHint.y
      value: -180.00002
      objectReference: {fileID: 0}
    - target: {fileID: -5932044769914930527, guid: cb17465c2c7681a41b8c31b22091c955,
        type: 3}
      propertyPath: m_IsActive
      value: 0
      objectReference: {fileID: 0}
    - target: {fileID: -5932044769914930527, guid: cb17465c2c7681a41b8c31b22091c955,
        type: 3}
      propertyPath: m_StaticEditorFlags
      value: 4294967295
      objectReference: {fileID: 0}
    - target: {fileID: -5829956070127453490, guid: cb17465c2c7681a41b8c31b22091c955,
        type: 3}
      propertyPath: m_StaticEditorFlags
      value: 4294967295
      objectReference: {fileID: 0}
    - target: {fileID: -5829741087521904787, guid: cb17465c2c7681a41b8c31b22091c955,
        type: 3}
      propertyPath: m_StaticEditorFlags
      value: 4294967295
      objectReference: {fileID: 0}
    - target: {fileID: -5676991537518889707, guid: cb17465c2c7681a41b8c31b22091c955,
        type: 3}
      propertyPath: m_StaticEditorFlags
      value: 4294967295
      objectReference: {fileID: 0}
    - target: {fileID: -5579181953700340778, guid: cb17465c2c7681a41b8c31b22091c955,
        type: 3}
      propertyPath: m_StaticEditorFlags
      value: 4294967295
      objectReference: {fileID: 0}
    - target: {fileID: -4939738721691886883, guid: cb17465c2c7681a41b8c31b22091c955,
        type: 3}
      propertyPath: m_StaticEditorFlags
      value: 4294967295
      objectReference: {fileID: 0}
    - target: {fileID: -4875297664506186441, guid: cb17465c2c7681a41b8c31b22091c955,
        type: 3}
      propertyPath: m_StaticEditorFlags
      value: 4294967295
      objectReference: {fileID: 0}
    - target: {fileID: -4814566009956210171, guid: cb17465c2c7681a41b8c31b22091c955,
        type: 3}
      propertyPath: m_IsActive
      value: 0
      objectReference: {fileID: 0}
    - target: {fileID: -4814566009956210171, guid: cb17465c2c7681a41b8c31b22091c955,
        type: 3}
      propertyPath: m_StaticEditorFlags
      value: 4294967295
      objectReference: {fileID: 0}
    - target: {fileID: -4729150406852300862, guid: cb17465c2c7681a41b8c31b22091c955,
        type: 3}
      propertyPath: m_StaticEditorFlags
      value: 4294967295
      objectReference: {fileID: 0}
    - target: {fileID: -4473984409997532297, guid: cb17465c2c7681a41b8c31b22091c955,
        type: 3}
      propertyPath: m_StaticEditorFlags
      value: 4294967295
      objectReference: {fileID: 0}
    - target: {fileID: -4216859302048453862, guid: cb17465c2c7681a41b8c31b22091c955,
        type: 3}
      propertyPath: m_RootOrder
      value: 0
      objectReference: {fileID: 0}
    - target: {fileID: -4216859302048453862, guid: cb17465c2c7681a41b8c31b22091c955,
        type: 3}
      propertyPath: m_LocalPosition.x
      value: 0
      objectReference: {fileID: 0}
    - target: {fileID: -4216859302048453862, guid: cb17465c2c7681a41b8c31b22091c955,
        type: 3}
      propertyPath: m_LocalPosition.y
      value: 0
      objectReference: {fileID: 0}
    - target: {fileID: -4216859302048453862, guid: cb17465c2c7681a41b8c31b22091c955,
        type: 3}
      propertyPath: m_LocalPosition.z
      value: 0
      objectReference: {fileID: 0}
    - target: {fileID: -4216859302048453862, guid: cb17465c2c7681a41b8c31b22091c955,
        type: 3}
      propertyPath: m_LocalRotation.w
      value: 1
      objectReference: {fileID: 0}
    - target: {fileID: -4216859302048453862, guid: cb17465c2c7681a41b8c31b22091c955,
        type: 3}
      propertyPath: m_LocalRotation.x
      value: -0
      objectReference: {fileID: 0}
    - target: {fileID: -4216859302048453862, guid: cb17465c2c7681a41b8c31b22091c955,
        type: 3}
      propertyPath: m_LocalRotation.y
      value: -0
      objectReference: {fileID: 0}
    - target: {fileID: -4216859302048453862, guid: cb17465c2c7681a41b8c31b22091c955,
        type: 3}
      propertyPath: m_LocalRotation.z
      value: -0
      objectReference: {fileID: 0}
    - target: {fileID: -4216859302048453862, guid: cb17465c2c7681a41b8c31b22091c955,
        type: 3}
      propertyPath: m_LocalEulerAnglesHint.x
      value: 0
      objectReference: {fileID: 0}
    - target: {fileID: -4216859302048453862, guid: cb17465c2c7681a41b8c31b22091c955,
        type: 3}
      propertyPath: m_LocalEulerAnglesHint.y
      value: 0
      objectReference: {fileID: 0}
    - target: {fileID: -4216859302048453862, guid: cb17465c2c7681a41b8c31b22091c955,
        type: 3}
      propertyPath: m_LocalEulerAnglesHint.z
      value: 0
      objectReference: {fileID: 0}
    - target: {fileID: -3839664996715512617, guid: cb17465c2c7681a41b8c31b22091c955,
        type: 3}
      propertyPath: m_StaticEditorFlags
      value: 4294967295
      objectReference: {fileID: 0}
    - target: {fileID: -3514891512601695768, guid: cb17465c2c7681a41b8c31b22091c955,
        type: 3}
      propertyPath: m_StaticEditorFlags
      value: 4294967295
      objectReference: {fileID: 0}
    - target: {fileID: -3479860866998287933, guid: cb17465c2c7681a41b8c31b22091c955,
        type: 3}
      propertyPath: m_StaticEditorFlags
      value: 4294967295
      objectReference: {fileID: 0}
    - target: {fileID: -3324384294020041355, guid: cb17465c2c7681a41b8c31b22091c955,
        type: 3}
      propertyPath: m_StaticEditorFlags
      value: 4294967295
      objectReference: {fileID: 0}
    - target: {fileID: -3149131348362678374, guid: cb17465c2c7681a41b8c31b22091c955,
        type: 3}
      propertyPath: m_StaticEditorFlags
      value: 4294967295
      objectReference: {fileID: 0}
    - target: {fileID: -3079607124696209242, guid: cb17465c2c7681a41b8c31b22091c955,
        type: 3}
      propertyPath: m_StaticEditorFlags
      value: 4294967295
      objectReference: {fileID: 0}
    - target: {fileID: -2876144479180038969, guid: cb17465c2c7681a41b8c31b22091c955,
        type: 3}
      propertyPath: m_StaticEditorFlags
      value: 4294967295
      objectReference: {fileID: 0}
    - target: {fileID: -2841480935416184629, guid: cb17465c2c7681a41b8c31b22091c955,
        type: 3}
      propertyPath: m_StaticEditorFlags
      value: 4294967295
      objectReference: {fileID: 0}
    - target: {fileID: -2766563796413314570, guid: cb17465c2c7681a41b8c31b22091c955,
        type: 3}
      propertyPath: m_StaticEditorFlags
      value: 4294967295
      objectReference: {fileID: 0}
    - target: {fileID: -2744161821406784910, guid: cb17465c2c7681a41b8c31b22091c955,
        type: 3}
      propertyPath: m_StaticEditorFlags
      value: 4294967295
      objectReference: {fileID: 0}
    - target: {fileID: -2552301567797710486, guid: cb17465c2c7681a41b8c31b22091c955,
        type: 3}
      propertyPath: m_StaticEditorFlags
      value: 4294967295
      objectReference: {fileID: 0}
    - target: {fileID: -2550979225752540352, guid: cb17465c2c7681a41b8c31b22091c955,
        type: 3}
      propertyPath: m_StaticEditorFlags
      value: 4294967295
      objectReference: {fileID: 0}
    - target: {fileID: -2436243024454118578, guid: cb17465c2c7681a41b8c31b22091c955,
        type: 3}
      propertyPath: m_StaticEditorFlags
      value: 4294967295
      objectReference: {fileID: 0}
    - target: {fileID: -2186877295143864216, guid: cb17465c2c7681a41b8c31b22091c955,
        type: 3}
      propertyPath: m_StaticEditorFlags
      value: 4294967295
      objectReference: {fileID: 0}
    - target: {fileID: -2170842448863655278, guid: cb17465c2c7681a41b8c31b22091c955,
        type: 3}
      propertyPath: m_StaticEditorFlags
      value: 4294967295
      objectReference: {fileID: 0}
    - target: {fileID: -2150257647519683180, guid: cb17465c2c7681a41b8c31b22091c955,
        type: 3}
      propertyPath: m_StaticEditorFlags
      value: 4294967295
      objectReference: {fileID: 0}
    - target: {fileID: -2101091233545406571, guid: cb17465c2c7681a41b8c31b22091c955,
        type: 3}
      propertyPath: m_StaticEditorFlags
      value: 4294967295
      objectReference: {fileID: 0}
    - target: {fileID: -2091668256252429406, guid: cb17465c2c7681a41b8c31b22091c955,
        type: 3}
      propertyPath: m_IsActive
      value: 0
      objectReference: {fileID: 0}
    - target: {fileID: -2091668256252429406, guid: cb17465c2c7681a41b8c31b22091c955,
        type: 3}
      propertyPath: m_StaticEditorFlags
      value: 4294967295
      objectReference: {fileID: 0}
    - target: {fileID: -1587329456026443958, guid: cb17465c2c7681a41b8c31b22091c955,
        type: 3}
      propertyPath: m_StaticEditorFlags
      value: 4294967295
      objectReference: {fileID: 0}
    - target: {fileID: -1343188488635482074, guid: cb17465c2c7681a41b8c31b22091c955,
        type: 3}
      propertyPath: m_StaticEditorFlags
      value: 4294967295
      objectReference: {fileID: 0}
    - target: {fileID: -1258126481137983958, guid: cb17465c2c7681a41b8c31b22091c955,
        type: 3}
      propertyPath: m_StaticEditorFlags
      value: 4294967295
      objectReference: {fileID: 0}
    - target: {fileID: -1244005813738700691, guid: cb17465c2c7681a41b8c31b22091c955,
        type: 3}
      propertyPath: m_StaticEditorFlags
      value: 4294967295
      objectReference: {fileID: 0}
    - target: {fileID: -927662800387499576, guid: cb17465c2c7681a41b8c31b22091c955,
        type: 3}
      propertyPath: m_StaticEditorFlags
      value: 4294967295
      objectReference: {fileID: 0}
    - target: {fileID: -927199367670048503, guid: cb17465c2c7681a41b8c31b22091c955,
        type: 3}
      propertyPath: m_Name
      value: Airport
      objectReference: {fileID: 0}
    - target: {fileID: -927199367670048503, guid: cb17465c2c7681a41b8c31b22091c955,
        type: 3}
      propertyPath: m_IsActive
      value: 0
      objectReference: {fileID: 0}
    - target: {fileID: -927199367670048503, guid: cb17465c2c7681a41b8c31b22091c955,
        type: 3}
      propertyPath: m_StaticEditorFlags
      value: 4294967295
      objectReference: {fileID: 0}
    - target: {fileID: -860392544619189156, guid: cb17465c2c7681a41b8c31b22091c955,
        type: 3}
      propertyPath: m_StaticEditorFlags
      value: 4294967295
      objectReference: {fileID: 0}
    - target: {fileID: -778335973472055169, guid: cb17465c2c7681a41b8c31b22091c955,
        type: 3}
      propertyPath: m_StaticEditorFlags
      value: 4294967295
      objectReference: {fileID: 0}
    - target: {fileID: -611439906516545424, guid: cb17465c2c7681a41b8c31b22091c955,
        type: 3}
      propertyPath: m_StaticEditorFlags
      value: 4294967295
      objectReference: {fileID: 0}
    - target: {fileID: -334516698704728402, guid: cb17465c2c7681a41b8c31b22091c955,
        type: 3}
      propertyPath: m_StaticEditorFlags
      value: 4294967295
      objectReference: {fileID: 0}
    - target: {fileID: -274036736857859731, guid: cb17465c2c7681a41b8c31b22091c955,
        type: 3}
      propertyPath: m_StaticEditorFlags
      value: 4294967295
      objectReference: {fileID: 0}
    - target: {fileID: -169660821190322987, guid: cb17465c2c7681a41b8c31b22091c955,
        type: 3}
      propertyPath: m_StaticEditorFlags
      value: 4294967295
      objectReference: {fileID: 0}
    - target: {fileID: -153675255998954000, guid: cb17465c2c7681a41b8c31b22091c955,
        type: 3}
      propertyPath: m_StaticEditorFlags
      value: 4294967295
      objectReference: {fileID: 0}
    - target: {fileID: 22798233594217266, guid: cb17465c2c7681a41b8c31b22091c955,
        type: 3}
      propertyPath: m_StaticEditorFlags
      value: 4294967295
      objectReference: {fileID: 0}
    - target: {fileID: 85953694540594063, guid: cb17465c2c7681a41b8c31b22091c955,
        type: 3}
      propertyPath: m_StaticEditorFlags
      value: 4294967295
      objectReference: {fileID: 0}
    - target: {fileID: 123219996639400126, guid: cb17465c2c7681a41b8c31b22091c955,
        type: 3}
      propertyPath: m_StaticEditorFlags
      value: 4294967295
      objectReference: {fileID: 0}
    - target: {fileID: 367887041185651444, guid: cb17465c2c7681a41b8c31b22091c955,
        type: 3}
      propertyPath: m_StaticEditorFlags
      value: 4294967295
      objectReference: {fileID: 0}
    - target: {fileID: 523132559222536304, guid: cb17465c2c7681a41b8c31b22091c955,
        type: 3}
      propertyPath: m_StaticEditorFlags
      value: 4294967295
      objectReference: {fileID: 0}
    - target: {fileID: 573709779081897834, guid: cb17465c2c7681a41b8c31b22091c955,
        type: 3}
      propertyPath: m_StaticEditorFlags
      value: 4294967295
      objectReference: {fileID: 0}
    - target: {fileID: 674786475653541965, guid: cb17465c2c7681a41b8c31b22091c955,
        type: 3}
      propertyPath: m_StaticEditorFlags
      value: 4294967295
      objectReference: {fileID: 0}
    - target: {fileID: 810055649848103118, guid: cb17465c2c7681a41b8c31b22091c955,
        type: 3}
      propertyPath: m_StaticEditorFlags
      value: 4294967295
      objectReference: {fileID: 0}
    - target: {fileID: 888548993281461499, guid: cb17465c2c7681a41b8c31b22091c955,
        type: 3}
      propertyPath: m_StaticEditorFlags
      value: 4294967295
      objectReference: {fileID: 0}
    - target: {fileID: 1048207564599669546, guid: cb17465c2c7681a41b8c31b22091c955,
        type: 3}
      propertyPath: m_StaticEditorFlags
      value: 4294967295
      objectReference: {fileID: 0}
    - target: {fileID: 1170875474309995516, guid: cb17465c2c7681a41b8c31b22091c955,
        type: 3}
      propertyPath: m_StaticEditorFlags
      value: 4294967295
      objectReference: {fileID: 0}
    - target: {fileID: 1214752028227811008, guid: cb17465c2c7681a41b8c31b22091c955,
        type: 3}
      propertyPath: m_StaticEditorFlags
      value: 4294967295
      objectReference: {fileID: 0}
    - target: {fileID: 1331771979252649483, guid: cb17465c2c7681a41b8c31b22091c955,
        type: 3}
      propertyPath: m_StaticEditorFlags
      value: 4294967295
      objectReference: {fileID: 0}
    - target: {fileID: 1535408701126790983, guid: cb17465c2c7681a41b8c31b22091c955,
        type: 3}
      propertyPath: m_StaticEditorFlags
      value: 4294967295
      objectReference: {fileID: 0}
    - target: {fileID: 1812567033878922329, guid: cb17465c2c7681a41b8c31b22091c955,
        type: 3}
      propertyPath: m_StaticEditorFlags
      value: 4294967295
      objectReference: {fileID: 0}
    - target: {fileID: 2103453856958732426, guid: cb17465c2c7681a41b8c31b22091c955,
        type: 3}
      propertyPath: m_StaticEditorFlags
      value: 4294967295
      objectReference: {fileID: 0}
    - target: {fileID: 2236974606866086063, guid: cb17465c2c7681a41b8c31b22091c955,
        type: 3}
      propertyPath: m_StaticEditorFlags
      value: 4294967295
      objectReference: {fileID: 0}
    - target: {fileID: 2306077271530349701, guid: cb17465c2c7681a41b8c31b22091c955,
        type: 3}
      propertyPath: m_LocalPosition.z
      value: -51.4
      objectReference: {fileID: 0}
    - target: {fileID: 2334568970837035277, guid: cb17465c2c7681a41b8c31b22091c955,
        type: 3}
      propertyPath: m_StaticEditorFlags
      value: 4294967295
      objectReference: {fileID: 0}
    - target: {fileID: 2381309031168775595, guid: cb17465c2c7681a41b8c31b22091c955,
        type: 3}
      propertyPath: m_StaticEditorFlags
      value: 4294967295
      objectReference: {fileID: 0}
    - target: {fileID: 2604641542149971107, guid: cb17465c2c7681a41b8c31b22091c955,
        type: 3}
      propertyPath: m_StaticEditorFlags
      value: 4294967295
      objectReference: {fileID: 0}
    - target: {fileID: 2794582654485525241, guid: cb17465c2c7681a41b8c31b22091c955,
        type: 3}
      propertyPath: m_StaticEditorFlags
      value: 4294967295
      objectReference: {fileID: 0}
    - target: {fileID: 2961690325298885997, guid: cb17465c2c7681a41b8c31b22091c955,
        type: 3}
      propertyPath: m_StaticEditorFlags
      value: 4294967295
      objectReference: {fileID: 0}
    - target: {fileID: 3083458467307836198, guid: cb17465c2c7681a41b8c31b22091c955,
        type: 3}
      propertyPath: m_StaticEditorFlags
      value: 4294967295
      objectReference: {fileID: 0}
    - target: {fileID: 3112192410751202280, guid: cb17465c2c7681a41b8c31b22091c955,
        type: 3}
      propertyPath: m_StaticEditorFlags
      value: 4294967295
      objectReference: {fileID: 0}
    - target: {fileID: 3218587644565129167, guid: cb17465c2c7681a41b8c31b22091c955,
        type: 3}
      propertyPath: m_StaticEditorFlags
      value: 4294967295
      objectReference: {fileID: 0}
    - target: {fileID: 3222312020970651958, guid: cb17465c2c7681a41b8c31b22091c955,
        type: 3}
      propertyPath: m_StaticEditorFlags
      value: 4294967295
      objectReference: {fileID: 0}
    - target: {fileID: 4202838587550187176, guid: cb17465c2c7681a41b8c31b22091c955,
        type: 3}
      propertyPath: m_StaticEditorFlags
      value: 4294967295
      objectReference: {fileID: 0}
    - target: {fileID: 4289230788725961271, guid: cb17465c2c7681a41b8c31b22091c955,
        type: 3}
      propertyPath: m_StaticEditorFlags
      value: 4294967295
      objectReference: {fileID: 0}
    - target: {fileID: 4336269476661524854, guid: cb17465c2c7681a41b8c31b22091c955,
        type: 3}
      propertyPath: m_StaticEditorFlags
      value: 4294967295
      objectReference: {fileID: 0}
    - target: {fileID: 4437416984931103834, guid: cb17465c2c7681a41b8c31b22091c955,
        type: 3}
      propertyPath: m_IsActive
      value: 0
      objectReference: {fileID: 0}
    - target: {fileID: 4437416984931103834, guid: cb17465c2c7681a41b8c31b22091c955,
        type: 3}
      propertyPath: m_StaticEditorFlags
      value: 4294967295
      objectReference: {fileID: 0}
    - target: {fileID: 4487040920678038182, guid: cb17465c2c7681a41b8c31b22091c955,
        type: 3}
      propertyPath: m_StaticEditorFlags
      value: 4294967295
      objectReference: {fileID: 0}
    - target: {fileID: 4514164391028024066, guid: cb17465c2c7681a41b8c31b22091c955,
        type: 3}
      propertyPath: m_StaticEditorFlags
      value: 4294967295
      objectReference: {fileID: 0}
    - target: {fileID: 4773740683427264919, guid: cb17465c2c7681a41b8c31b22091c955,
        type: 3}
      propertyPath: m_StaticEditorFlags
      value: 4294967295
      objectReference: {fileID: 0}
    - target: {fileID: 4805176031361465779, guid: cb17465c2c7681a41b8c31b22091c955,
        type: 3}
      propertyPath: m_StaticEditorFlags
      value: 4294967295
      objectReference: {fileID: 0}
    - target: {fileID: 4983222994401353262, guid: cb17465c2c7681a41b8c31b22091c955,
        type: 3}
      propertyPath: m_StaticEditorFlags
      value: 4294967295
      objectReference: {fileID: 0}
    - target: {fileID: 5165611400149907297, guid: cb17465c2c7681a41b8c31b22091c955,
        type: 3}
      propertyPath: m_StaticEditorFlags
      value: 4294967295
      objectReference: {fileID: 0}
    - target: {fileID: 5350781987933579848, guid: cb17465c2c7681a41b8c31b22091c955,
        type: 3}
      propertyPath: m_StaticEditorFlags
      value: 4294967295
      objectReference: {fileID: 0}
    - target: {fileID: 6149619856692661446, guid: cb17465c2c7681a41b8c31b22091c955,
        type: 3}
      propertyPath: m_StaticEditorFlags
      value: 4294967295
      objectReference: {fileID: 0}
    - target: {fileID: 6210980282056746592, guid: cb17465c2c7681a41b8c31b22091c955,
        type: 3}
      propertyPath: m_StaticEditorFlags
      value: 4294967295
      objectReference: {fileID: 0}
    - target: {fileID: 6269563729236577436, guid: cb17465c2c7681a41b8c31b22091c955,
        type: 3}
      propertyPath: m_StaticEditorFlags
      value: 4294967295
      objectReference: {fileID: 0}
    - target: {fileID: 6306090439861962813, guid: cb17465c2c7681a41b8c31b22091c955,
        type: 3}
      propertyPath: m_StaticEditorFlags
      value: 4294967295
      objectReference: {fileID: 0}
    - target: {fileID: 7034525249797733570, guid: cb17465c2c7681a41b8c31b22091c955,
        type: 3}
      propertyPath: m_StaticEditorFlags
      value: 4294967295
      objectReference: {fileID: 0}
    - target: {fileID: 7221555301794267341, guid: cb17465c2c7681a41b8c31b22091c955,
        type: 3}
      propertyPath: m_StaticEditorFlags
      value: 4294967295
      objectReference: {fileID: 0}
    - target: {fileID: 7234418075984326536, guid: cb17465c2c7681a41b8c31b22091c955,
        type: 3}
      propertyPath: m_StaticEditorFlags
      value: 4294967295
      objectReference: {fileID: 0}
    - target: {fileID: 7351511698099063374, guid: cb17465c2c7681a41b8c31b22091c955,
        type: 3}
      propertyPath: m_StaticEditorFlags
      value: 4294967295
      objectReference: {fileID: 0}
    - target: {fileID: 7426577764889462120, guid: cb17465c2c7681a41b8c31b22091c955,
        type: 3}
      propertyPath: m_StaticEditorFlags
      value: 4294967295
      objectReference: {fileID: 0}
    - target: {fileID: 7730699670546025227, guid: cb17465c2c7681a41b8c31b22091c955,
        type: 3}
      propertyPath: m_StaticEditorFlags
      value: 4294967295
      objectReference: {fileID: 0}
    - target: {fileID: 7790871325740433109, guid: cb17465c2c7681a41b8c31b22091c955,
        type: 3}
      propertyPath: m_StaticEditorFlags
      value: 4294967295
      objectReference: {fileID: 0}
    - target: {fileID: 7825690748433943700, guid: cb17465c2c7681a41b8c31b22091c955,
        type: 3}
      propertyPath: m_StaticEditorFlags
      value: 4294967295
      objectReference: {fileID: 0}
    - target: {fileID: 7962832515328606370, guid: cb17465c2c7681a41b8c31b22091c955,
        type: 3}
      propertyPath: m_StaticEditorFlags
      value: 4294967295
      objectReference: {fileID: 0}
    - target: {fileID: 8278994918045185158, guid: cb17465c2c7681a41b8c31b22091c955,
        type: 3}
      propertyPath: m_StaticEditorFlags
      value: 4294967295
      objectReference: {fileID: 0}
    - target: {fileID: 8327943074890130990, guid: cb17465c2c7681a41b8c31b22091c955,
        type: 3}
      propertyPath: m_StaticEditorFlags
      value: 4294967295
      objectReference: {fileID: 0}
    - target: {fileID: 8376820553590143274, guid: cb17465c2c7681a41b8c31b22091c955,
        type: 3}
      propertyPath: m_StaticEditorFlags
      value: 4294967295
      objectReference: {fileID: 0}
    - target: {fileID: 9101430577481724397, guid: cb17465c2c7681a41b8c31b22091c955,
        type: 3}
      propertyPath: m_StaticEditorFlags
      value: 4294967295
      objectReference: {fileID: 0}
    - target: {fileID: 9160466762929248743, guid: cb17465c2c7681a41b8c31b22091c955,
        type: 3}
      propertyPath: m_IsActive
      value: 0
      objectReference: {fileID: 0}
    - target: {fileID: 9160466762929248743, guid: cb17465c2c7681a41b8c31b22091c955,
        type: 3}
      propertyPath: m_StaticEditorFlags
      value: 4294967295
      objectReference: {fileID: 0}
    - target: {fileID: 9198531897541347679, guid: cb17465c2c7681a41b8c31b22091c955,
        type: 3}
      propertyPath: m_StaticEditorFlags
      value: 4294967295
      objectReference: {fileID: 0}
    m_RemovedComponents: []
  m_SourcePrefab: {fileID: 100100000, guid: cb17465c2c7681a41b8c31b22091c955, type: 3}
--- !u!4 &1661907261582115188 stripped
Transform:
  m_CorrespondingSourceObject: {fileID: -4216859302048453862, guid: cb17465c2c7681a41b8c31b22091c955,
    type: 3}
  m_PrefabInstance: {fileID: 5938826342671264366}
  m_PrefabAsset: {fileID: 0}
